@article{Giesler:2019uxc,
  options={maxbibnames=99},
  author =       "Giesler, Matthew and Isi, Maximiliano and Scheel,
                  Mark and Teukolsky, Saul",
  title =        "{Black hole ringdown: the importance of overtones}",
  journal =      "Phys. Rev.",
  volume =       "X9",
  year =         "2019",
  number =       "4",
  pages =        "041060",
  doi =          "10.1103/PhysRevX.9.041060",
  eprint =       "1903.08284",
  archivePrefix ="arXiv",
  primaryClass = "gr-qc",
  SLACcitation = "%%CITATION = ARXIV:1903.08284;%%",
  addendum ="M.G. conceived the project, carried out the analysis, and wrote the manuscript." 
}

@article{Isi:2019aib,
  options={maxbibnames=99},
  author =       "Isi, Maximiliano and Giesler, Matthew and Farr, Will
                  M.  and Scheel, Mark A. and Teukolsky, Saul A.",
  title =        "{Testing the no-hair theorem with GW150914}",
  journal =      "Phys. Rev. Lett.",
  volume =       "123",
  year =         "2019",
  number =       "11",
  pages =        "111102",
  doi =          "10.1103/PhysRevLett.123.111102",
  eprint =       "1905.00869",
  archivePrefix ="arXiv",
  primaryClass = "gr-qc",
  reportNumber = "LIGO-P1900135",
  SLACcitation = "%%CITATION = ARXIV:1905.00869;%%",
  addendum ="M.G. conceived the project, participated in the development of 
  the analysis code, and contributed to the manuscript"
}

@article{Giesler:2017uyu,
  options={maxbibnames=99},
  author =       "Giesler, Matthew and Clausen, Drew and Ott,
                  Christian D.",
  title =        "{Low-mass X-ray binaries from black-hole retaining
                  globular clusters}",
  journal =      "Mon. Not. Roy. Astron. Soc.",
  volume =       "477",
  year =         "2018",
  number =       "2",
  pages =        "1853-1879",
  doi =          "10.1093/mnras/sty659",
  eprint =       "1708.05915",
  archivePrefix ="arXiv",
  primaryClass = "astro-ph.HE",
  SLACcitation = "%%CITATION = ARXIV:1708.05915;%%",
  addendum ="M.G. conceived the project, carried out the analysis, and wrote the manuscript." 
}

@article{Scheel:2014ina,
  options={maxbibnames=99},
  author =       "Scheel, Mark A. and Giesler, Matthew and Hemberger,
                  Daniel A. and Lovelace, Geoffrey and Kuper, Kevin
                  and Boyle, Michael and Szilagyi, B. and Kidder,
                  Lawrence E.",
  title =        "{Improved methods for simulating nearly extremal
                  binary black holes}",
  journal =      "Class. Quant. Grav.",
  volume =       "32",
  year =         "2015",
  number =       "10",
  pages =        "105009",
  doi =          "10.1088/0264-9381/32/10/105009",
  eprint =       "1412.1803",
  archivePrefix ="arXiv",
  primaryClass = "gr-qc",
  SLACcitation = "%%CITATION = ARXIV:1412.1803;%%",
  addendum ="M.G. developed improved methods, carried out some of the simulations, and contributed to the writing of the manuscript" 
}

@article{Lovelace:2014twa,
  options={maxbibnames=99},
  author =       "Lovelace, Geoffrey and Scheel, Mark A. and 
                 Owen, Robert and Giesler, Matthew and Katebi, Reza 
                 and Szilagyi, Bela and Chu, Tony, and Demos, Nicholas 
                 and Hemberger, Daniel A. and Kidder, Lawrence E.",
  title =        "{Nearly extremal apparent horizons in simulations of
                  merging black holes}",
  journal =      "Class. Quant. Grav.",
  volume =       "32",
  year =         "2015",
  number =       "6",
  pages =        "065007",
  doi =          "10.1088/0264-9381/32/6/065007",
  eprint =       "1411.7297",
  archivePrefix ="arXiv",
  primaryClass = "gr-qc",
  SLACcitation = "%%CITATION = ARXIV:1411.7297;%%",
  addendum ="M.G. provided new waveforms and feedback on the manuscript"   
}

@article{Bhagwat:2017tkm,
  options={maxbibnames=99},
  author =       "Bhagwat, Swetha and Okounkova, Maria and Ballmer,
                  Stefan W. and Brown, Duncan A. and Giesler, Matthew
                  and Scheel, Mark A. and Teukolsky, Saul A.",
  title =        "{On choosing the start time of binary black hole
                  ringdowns}",
  journal =      "Phys. Rev.",
  volume =       "D97",
  year =         "2018",
  number =       "10",
  pages =        "104065",
  doi =          "10.1103/PhysRevD.97.104065",
  eprint =       "1711.00926",
  archivePrefix ="arXiv",
  primaryClass = "gr-qc",
  SLACcitation = "%%CITATION = ARXIV:1711.00926;%%",
  addendum ="M.G. provided the single black hole metric perturbations used in the analysis and provided feedback on the manuscript" 
}